<?xml version="1.0" encoding="UTF-8"?><collection xmlns="http://www.loc.gov/MARC21/slim"><record><leader>00784nam--2200217-i-4500</leader><controlfield tag="001">000013028</controlfield><controlfield tag="002">20161230</controlfield><controlfield tag="005">20161230201030</controlfield><controlfield tag="008">060222s1000------------r-----000-0-eng-d</controlfield><datafield ind1=" " ind2=" " tag="020"><subfield code="a">0444851224</subfield></datafield><datafield ind1=" " ind2=" " tag="040"><subfield code="a">IFIN-HH</subfield></datafield><datafield ind1=" " ind2=" " tag="080"><subfield code="a">539.172.17:539.171.6(061.3)</subfield></datafield><datafield ind1="1" ind2=" " tag="100"><subfield code="a">Balian, Roger</subfield></datafield><datafield ind1="1" ind2="0" tag="245"><subfield code="a">Ions lourds et mesons en physique nucleaire, les houches session xxx 4 juliet-20 aout 1977</subfield><subfield code="b">Nuclear physicss with heavy ions and mesons</subfield><subfield code="c">Roger, balian, mannque rho, georges ripka (eds.)</subfield></datafield><datafield ind1=" " ind2=" " tag="260"><subfield code="a">Amsterdam</subfield><subfield code="b">North-holland Publishing Company</subfield><subfield code="c">1978</subfield></datafield><datafield ind1=" " ind2=" " tag="300"><subfield code="a">2 VOLUME</subfield></datafield><datafield ind1=" " ind2=" " tag="490"><subfield code="a">Les Houches, Ecole D'Ete De Physique Theorique Session Xxx</subfield></datafield><datafield ind1="1" ind2=" " tag="700"><subfield code="a">Ripka, Georges</subfield><subfield code="e">Ed</subfield></datafield><datafield ind1="1" ind2=" " tag="787"><subfield code="a">Volume 2</subfield><subfield code="h">/432p./1017p</subfield></datafield><datafield ind1=" " ind2=" " tag="852"><subfield code="a">47046</subfield><subfield code="c">539.17</subfield></datafield><datafield ind1=" " ind2=" " tag="CAT"><subfield code="a">Sys</subfield><subfield code="c">20120618</subfield><subfield code="h">162414</subfield></datafield></record></collection>